<record><leader>00000cas a2200000 a 4500</leader><controlfield tag="001">9479326</controlfield><controlfield tag="008">830504d19211994ilucr ne      0   a0eng c</controlfield><datafield ind1=" " ind2=" " tag="010"><subfield code="a">sn 83045446 </subfield></datafield><datafield ind1=" " ind2=" " tag="040"><subfield code="a">CRL</subfield><subfield code="b">eng</subfield><subfield code="c">CRL</subfield><subfield code="d">NPW</subfield><subfield code="d">NSD</subfield><subfield code="d">NVF</subfield><subfield code="d">NSD</subfield><subfield code="d">NVF</subfield><subfield code="d">OCLCQ</subfield><subfield code="d">CVF</subfield><subfield code="d">OCLCQ</subfield><subfield code="d">NVF</subfield><subfield code="d">OCLCQ</subfield><subfield code="d">OCLCF</subfield><subfield code="d">OCLCO</subfield><subfield code="d">NVF</subfield></datafield><datafield ind1=" " ind2=" " tag="012"><subfield code="j">0</subfield><subfield code="m">d</subfield></datafield><datafield ind1="1" ind2=" " tag="022"><subfield code="a">1047-6008</subfield><subfield code="l">1047-6008</subfield><subfield code="2">1</subfield></datafield><datafield ind1=" " ind2=" " tag="037"><subfield code="b">The Rochelle News, 211 Hwy. 38 East, Rochelle, IL 61068</subfield></datafield><datafield ind1=" " ind2=" " tag="042"><subfield code="a">pcc</subfield><subfield code="a">nsdp</subfield></datafield><datafield ind1=" " ind2=" " tag="043"><subfield code="a">n-us-il</subfield></datafield><datafield ind1=" " ind2="4" tag="222"><subfield code="a">The Rochelle news</subfield></datafield><datafield ind1="0" ind2="4" tag="245"><subfield code="a">The Rochelle news.</subfield></datafield><datafield ind1="1" ind2="7" tag="246"><subfield code="a">News-leader</subfield><subfield code="f">Mar. 4-Apr. 1, 1986</subfield></datafield><datafield ind1="1" ind2="7" tag="246"><subfield code="a">Rochelle news-leader</subfield><subfield code="f">Apr. 8, 1986-Feb. 27, 1994</subfield></datafield><datafield ind1="3" ind2=" " tag="246"><subfield code="a">News leader</subfield></datafield><datafield ind1="3" ind2=" " tag="246"><subfield code="a">Rochelle news leader</subfield></datafield><datafield ind1=" " ind2=" " tag="260"><subfield code="a">Rochelle, Ill. :</subfield><subfield code="b">Lux Bros. &amp; Heath</subfield></datafield><datafield ind1=" " ind2=" " tag="300"><subfield code="a">v.</subfield></datafield><datafield ind1=" " ind2=" " tag="310"><subfield code="a">Semiweekly,</subfield><subfield code="b">Oct. 1, 1989-Feb. 27, 1994</subfield></datafield><datafield ind1=" " ind2=" " tag="321"><subfield code="a">Weekly,</subfield><subfield code="b">&lt;Nov. 10, 1921&gt;-Sept. 26, 1989</subfield></datafield><datafield ind1="1" ind2=" " tag="362"><subfield code="a">Began in 1921.</subfield></datafield><datafield ind1="0" ind2=" " tag="362"><subfield code="a">-73rd year, no. 104 (Feb. 27, 1994).</subfield></datafield><datafield ind1=" " ind2=" " tag="580"><subfield code="a">Other weekly ed.: Rochelle leader, 1934-1994.</subfield></datafield><datafield ind1=" " ind2=" " tag="580"><subfield code="a">Merged with: Rochelle leader, to form: Rochelle news-leader.</subfield></datafield><datafield ind1=" " ind2=" " tag="588"><subfield code="a">Description based on: Vol. 1, no. 2 (Nov. 10, 1921).</subfield></datafield><datafield ind1=" " ind2="0" tag="651"><subfield code="a">Rochelle (Ill.)</subfield><subfield code="v">Newspapers.</subfield></datafield><datafield ind1=" " ind2="7" tag="651"><subfield code="a">Illinois</subfield><subfield code="z">Rochelle.</subfield><subfield code="2">fast</subfield><subfield code="0">(OCoLC)fst01219148</subfield></datafield><datafield ind1=" " ind2="7" tag="655"><subfield code="a">Newspapers.</subfield><subfield code="2">fast</subfield><subfield code="0">(OCoLC)fst01423814</subfield></datafield><datafield ind1=" " ind2=" " tag="752"><subfield code="a">United States</subfield><subfield code="b">Illinois</subfield><subfield code="c">Ogle County</subfield><subfield code="d">Rochelle.</subfield></datafield><datafield ind1="1" ind2=" " tag="775"><subfield code="t">Rochelle leader</subfield><subfield code="w">(DLC)sn 93055414</subfield><subfield code="w">(OCoLC)27469955</subfield></datafield><datafield ind1="0" ind2="5" tag="780"><subfield code="t">Rochelle independent Rochelle register</subfield><subfield code="g">Aug. 16, 1928</subfield><subfield code="w">(DLC)sn 93055411</subfield><subfield code="w">(OCoLC)27469544</subfield></datafield><datafield ind1="1" ind2="7" tag="785"><subfield code="t">Rochelle leader</subfield><subfield code="w">(DLC)sn 93055414</subfield><subfield code="w">(OCoLC)27469955</subfield></datafield><datafield ind1="1" ind2="7" tag="785"><subfield code="t">Rochelle news-leader</subfield><subfield code="x">1075-2811</subfield><subfield code="w">(DLC)sn 94004553</subfield><subfield code="w">(OCoLC)29996197</subfield></datafield><datafield ind1="1" ind2=" " tag="029"><subfield code="a">AU@</subfield><subfield code="b">000020266501</subfield></datafield></record>